[gd_scene load_steps=73 format=2]

[ext_resource path="res://Assets/time.png" type="Texture" id=1]
[ext_resource path="res://Assets/night.png" type="Texture" id=2]
[ext_resource path="res://Assets/void.png" type="Texture" id=3]
[ext_resource path="res://Scenes/Slime.tscn" type="PackedScene" id=4]
[ext_resource path="res://Scenes/SandGlass.tscn" type="PackedScene" id=5]
[ext_resource path="res://Assets/Winter.png" type="Texture" id=6]
[ext_resource path="res://Assets/props.png" type="Texture" id=7]
[ext_resource path="res://Assets/portal.png" type="Texture" id=8]
[ext_resource path="res://Assets/Font/Minecraftia-Regular.ttf" type="DynamicFontData" id=9]
[ext_resource path="res://Scripts/Death.gd" type="Script" id=10]

[sub_resource type="ConvexPolygonShape2D" id=56]
points = PoolVector2Array( 8, 0, 8, 0, 16, 16, 0, 16 )

[sub_resource type="ConvexPolygonShape2D" id=57]
points = PoolVector2Array( 0, 0, 16, 0, 8, 16, 8, 16 )

[sub_resource type="ConvexPolygonShape2D" id=94]
points = PoolVector2Array( 16, 16, 0, 8, 0, 8, 16, 0 )

[sub_resource type="ConvexPolygonShape2D" id=95]
points = PoolVector2Array( 16, 8, 0, 16, 0, 0, 16, 8 )

[sub_resource type="TileSet" id=96]
0/name = "props.png 0"
0/texture = ExtResource( 7 )
0/tex_offset = Vector2( 0, 0 )
0/modulate = Color( 1, 1, 1, 1 )
0/region = Rect2( 0, 32, 64, 16 )
0/tile_mode = 2
0/autotile/icon_coordinate = Vector2( 0, 0 )
0/autotile/tile_size = Vector2( 16, 16 )
0/autotile/spacing = 0
0/autotile/occluder_map = [  ]
0/autotile/navpoly_map = [  ]
0/autotile/priority_map = [  ]
0/autotile/z_index_map = [  ]
0/occluder_offset = Vector2( 0, 0 )
0/navigation_offset = Vector2( 0, 0 )
0/shape_offset = Vector2( 0, 0 )
0/shape_transform = Transform2D( 1, 0, 0, 1, 0, 0 )
0/shape = SubResource( 56 )
0/shape_one_way = false
0/shape_one_way_margin = 1.0
0/shapes = [ {
"autotile_coord": Vector2( 0, 0 ),
"one_way": false,
"one_way_margin": 1.0,
"shape": SubResource( 56 ),
"shape_transform": Transform2D( 1, 0, 0, 1, 0, 0 )
}, {
"autotile_coord": Vector2( 1, 0 ),
"one_way": false,
"one_way_margin": 1.0,
"shape": SubResource( 57 ),
"shape_transform": Transform2D( 1, 0, 0, 1, 0, 0 )
}, {
"autotile_coord": Vector2( 2, 0 ),
"one_way": false,
"one_way_margin": 1.0,
"shape": SubResource( 94 ),
"shape_transform": Transform2D( 1, 0, 0, 1, 0, 0 )
}, {
"autotile_coord": Vector2( 3, 0 ),
"one_way": false,
"one_way_margin": 1.0,
"shape": SubResource( 95 ),
"shape_transform": Transform2D( 1, 0, 0, 1, 0, 0 )
} ]
0/z_index = 0

[sub_resource type="ConvexPolygonShape2D" id=97]
points = PoolVector2Array( 16, 16, 0, 16, 0, 0, 16, 0 )

[sub_resource type="ConvexPolygonShape2D" id=98]
points = PoolVector2Array( 16, 16, 0, 16, 0, 0, 16, 0 )

[sub_resource type="ConvexPolygonShape2D" id=99]
points = PoolVector2Array( 16, 16, 0, 16, 0, 0, 16, 0 )

[sub_resource type="ConvexPolygonShape2D" id=100]
points = PoolVector2Array( 16, 16, 0, 16, 0, 0, 16, 0 )

[sub_resource type="ConvexPolygonShape2D" id=101]
points = PoolVector2Array( 16, 16, 0, 16, 0, 0, 16, 0 )

[sub_resource type="ConvexPolygonShape2D" id=102]
points = PoolVector2Array( 16, 16, 0, 16, 0, 0, 16, 0 )

[sub_resource type="ConvexPolygonShape2D" id=103]
points = PoolVector2Array( 16, 16, 0, 16, 0, 0, 16, 0 )

[sub_resource type="ConvexPolygonShape2D" id=104]
points = PoolVector2Array( 16, 16, 0, 16, 0, 0, 16, 0 )

[sub_resource type="ConvexPolygonShape2D" id=105]
points = PoolVector2Array( 16, 16, 0, 16, 0, 0, 16, 0 )

[sub_resource type="ConvexPolygonShape2D" id=106]
points = PoolVector2Array( 16, 16, 0, 16, 0, 0, 16, 0 )

[sub_resource type="ConvexPolygonShape2D" id=107]
points = PoolVector2Array( 16, 16, 0, 16, 0, 0, 16, 0 )

[sub_resource type="ConvexPolygonShape2D" id=108]
points = PoolVector2Array( 16, 16, 0, 16, 0, 0, 16, 0 )

[sub_resource type="ConvexPolygonShape2D" id=109]
points = PoolVector2Array( 16, 16, 0, 16, 0, 0, 16, 0 )

[sub_resource type="ConvexPolygonShape2D" id=110]
points = PoolVector2Array( 16, 16, 0, 16, 0, 0, 16, 0 )

[sub_resource type="ConvexPolygonShape2D" id=111]
points = PoolVector2Array( 16, 16, 0, 16, 0, 0, 16, 0 )

[sub_resource type="ConvexPolygonShape2D" id=112]
points = PoolVector2Array( 16, 16, 0, 16, 0, 0, 16, 0 )

[sub_resource type="ConvexPolygonShape2D" id=113]
points = PoolVector2Array( 16, 16, 0, 16, 0, 0, 16, 0 )

[sub_resource type="ConvexPolygonShape2D" id=114]
points = PoolVector2Array( 16, 16, 0, 16, 0, 0, 16, 0 )

[sub_resource type="ConvexPolygonShape2D" id=115]
points = PoolVector2Array( 16, 16, 0, 16, 0, 0, 16, 0 )

[sub_resource type="ConvexPolygonShape2D" id=116]
points = PoolVector2Array( 16, 16, 0, 16, 0, 0, 16, 0 )

[sub_resource type="ConvexPolygonShape2D" id=117]
points = PoolVector2Array( 16, 16, 0, 16, 0, 0, 16, 0 )

[sub_resource type="ConvexPolygonShape2D" id=118]
points = PoolVector2Array( 16, 16, 0, 16, 0, 0, 16, 0 )

[sub_resource type="ConvexPolygonShape2D" id=119]
points = PoolVector2Array( 16, 16, 0, 16, 0, 0, 16, 8 )

[sub_resource type="ConvexPolygonShape2D" id=120]
points = PoolVector2Array( 16, 16, 0, 16, 0, 8, 16, 16 )

[sub_resource type="ConvexPolygonShape2D" id=121]
points = PoolVector2Array( 16, 16, 0, 16, 0, 0, 16, 0 )

[sub_resource type="ConvexPolygonShape2D" id=122]
points = PoolVector2Array( 16, 16, 0, 16, 0, 0, 8, 8 )

[sub_resource type="ConvexPolygonShape2D" id=123]
points = PoolVector2Array( 16, 16, 0, 16, 8, 8, 16, 0 )

[sub_resource type="ConvexPolygonShape2D" id=124]
points = PoolVector2Array( 16, 16, 0, 16, 0, 8, 16, 0 )

[sub_resource type="ConvexPolygonShape2D" id=125]
points = PoolVector2Array( 16, 16, 0, 16, 0, 0, 16, 0 )

[sub_resource type="ConvexPolygonShape2D" id=126]
points = PoolVector2Array( 16, 16, 0, 16, 0, 16, 16, 8 )

[sub_resource type="ConvexPolygonShape2D" id=127]
points = PoolVector2Array( 16, 16, 0, 16, 0, 0, 16, 0 )

[sub_resource type="ConvexPolygonShape2D" id=128]
points = PoolVector2Array( 16, 16, 0, 16, 0, 0, 16, 0 )

[sub_resource type="TileSet" id=129]
0/name = "Winter.png 0"
0/texture = ExtResource( 6 )
0/tex_offset = Vector2( 0, 0 )
0/modulate = Color( 1, 1, 1, 1 )
0/region = Rect2( 0, 0, 128, 64 )
0/tile_mode = 2
0/autotile/icon_coordinate = Vector2( 0, 0 )
0/autotile/tile_size = Vector2( 16, 16 )
0/autotile/spacing = 0
0/autotile/occluder_map = [  ]
0/autotile/navpoly_map = [  ]
0/autotile/priority_map = [  ]
0/autotile/z_index_map = [  ]
0/occluder_offset = Vector2( 0, 0 )
0/navigation_offset = Vector2( 0, 0 )
0/shape_offset = Vector2( 0, 0 )
0/shape_transform = Transform2D( 1, 0, 0, 1, 0, 0 )
0/shape = SubResource( 97 )
0/shape_one_way = false
0/shape_one_way_margin = 1.0
0/shapes = [ {
"autotile_coord": Vector2( 0, 0 ),
"one_way": false,
"one_way_margin": 1.0,
"shape": SubResource( 97 ),
"shape_transform": Transform2D( 1, 0, 0, 1, 0, 0 )
}, {
"autotile_coord": Vector2( 1, 0 ),
"one_way": false,
"one_way_margin": 1.0,
"shape": SubResource( 98 ),
"shape_transform": Transform2D( 1, 0, 0, 1, 0, 0 )
}, {
"autotile_coord": Vector2( 2, 0 ),
"one_way": false,
"one_way_margin": 1.0,
"shape": SubResource( 99 ),
"shape_transform": Transform2D( 1, 0, 0, 1, 0, 0 )
}, {
"autotile_coord": Vector2( 3, 0 ),
"one_way": false,
"one_way_margin": 1.0,
"shape": SubResource( 100 ),
"shape_transform": Transform2D( 1, 0, 0, 1, 0, 0 )
}, {
"autotile_coord": Vector2( 0, 1 ),
"one_way": false,
"one_way_margin": 1.0,
"shape": SubResource( 101 ),
"shape_transform": Transform2D( 1, 0, 0, 1, 0, 0 )
}, {
"autotile_coord": Vector2( 1, 1 ),
"one_way": false,
"one_way_margin": 1.0,
"shape": SubResource( 102 ),
"shape_transform": Transform2D( 1, 0, 0, 1, 0, 0 )
}, {
"autotile_coord": Vector2( 2, 1 ),
"one_way": false,
"one_way_margin": 1.0,
"shape": SubResource( 103 ),
"shape_transform": Transform2D( 1, 0, 0, 1, 0, 0 )
}, {
"autotile_coord": Vector2( 0, 2 ),
"one_way": false,
"one_way_margin": 1.0,
"shape": SubResource( 104 ),
"shape_transform": Transform2D( 1, 0, 0, 1, 0, 0 )
}, {
"autotile_coord": Vector2( 1, 2 ),
"one_way": false,
"one_way_margin": 1.0,
"shape": SubResource( 105 ),
"shape_transform": Transform2D( 1, 0, 0, 1, 0, 0 )
}, {
"autotile_coord": Vector2( 2, 2 ),
"one_way": false,
"one_way_margin": 1.0,
"shape": SubResource( 106 ),
"shape_transform": Transform2D( 1, 0, 0, 1, 0, 0 )
}, {
"autotile_coord": Vector2( 0, 3 ),
"one_way": false,
"one_way_margin": 1.0,
"shape": SubResource( 107 ),
"shape_transform": Transform2D( 1, 0, 0, 1, 0, 0 )
}, {
"autotile_coord": Vector2( 1, 3 ),
"one_way": false,
"one_way_margin": 1.0,
"shape": SubResource( 108 ),
"shape_transform": Transform2D( 1, 0, 0, 1, 0, 0 )
}, {
"autotile_coord": Vector2( 2, 3 ),
"one_way": false,
"one_way_margin": 1.0,
"shape": SubResource( 109 ),
"shape_transform": Transform2D( 1, 0, 0, 1, 0, 0 )
}, {
"autotile_coord": Vector2( 3, 1 ),
"one_way": false,
"one_way_margin": 1.0,
"shape": SubResource( 110 ),
"shape_transform": Transform2D( 1, 0, 0, 1, 0, 0 )
}, {
"autotile_coord": Vector2( 3, 2 ),
"one_way": false,
"one_way_margin": 1.0,
"shape": SubResource( 111 ),
"shape_transform": Transform2D( 1, 0, 0, 1, 0, 0 )
}, {
"autotile_coord": Vector2( 3, 3 ),
"one_way": false,
"one_way_margin": 1.0,
"shape": SubResource( 112 ),
"shape_transform": Transform2D( 1, 0, 0, 1, 0, 0 )
}, {
"autotile_coord": Vector2( 4, 0 ),
"one_way": false,
"one_way_margin": 1.0,
"shape": SubResource( 113 ),
"shape_transform": Transform2D( 1, 0, 0, 1, 0, 0 )
}, {
"autotile_coord": Vector2( 5, 0 ),
"one_way": false,
"one_way_margin": 1.0,
"shape": SubResource( 114 ),
"shape_transform": Transform2D( 1, 0, 0, 1, 0, 0 )
}, {
"autotile_coord": Vector2( 4, 1 ),
"one_way": false,
"one_way_margin": 1.0,
"shape": SubResource( 115 ),
"shape_transform": Transform2D( 1, 0, 0, 1, 0, 0 )
}, {
"autotile_coord": Vector2( 5, 1 ),
"one_way": false,
"one_way_margin": 1.0,
"shape": SubResource( 116 ),
"shape_transform": Transform2D( 1, 0, 0, 1, 0, 0 )
}, {
"autotile_coord": Vector2( 4, 3 ),
"one_way": false,
"one_way_margin": 1.0,
"shape": SubResource( 117 ),
"shape_transform": Transform2D( 1, 0, 0, 1, 0, 0 )
}, {
"autotile_coord": Vector2( 5, 3 ),
"one_way": false,
"one_way_margin": 1.0,
"shape": SubResource( 118 ),
"shape_transform": Transform2D( 1, 0, 0, 1, 0, 0 )
}, {
"autotile_coord": Vector2( 4, 2 ),
"one_way": false,
"one_way_margin": 1.0,
"shape": SubResource( 119 ),
"shape_transform": Transform2D( 1, 0, 0, 1, 0, 0 )
}, {
"autotile_coord": Vector2( 5, 2 ),
"one_way": false,
"one_way_margin": 1.0,
"shape": SubResource( 120 ),
"shape_transform": Transform2D( 1, 0, 0, 1, 0, 0 )
}, {
"autotile_coord": Vector2( 6, 1 ),
"one_way": false,
"one_way_margin": 1.0,
"shape": SubResource( 121 ),
"shape_transform": Transform2D( 1, 0, 0, 1, 0, 0 )
}, {
"autotile_coord": Vector2( 6, 0 ),
"one_way": false,
"one_way_margin": 1.0,
"shape": SubResource( 122 ),
"shape_transform": Transform2D( 1, 0, 0, 1, 0, 0 )
}, {
"autotile_coord": Vector2( 7, 0 ),
"one_way": false,
"one_way_margin": 1.0,
"shape": SubResource( 123 ),
"shape_transform": Transform2D( 1, 0, 0, 1, 0, 0 )
}, {
"autotile_coord": Vector2( 7, 2 ),
"one_way": false,
"one_way_margin": 1.0,
"shape": SubResource( 124 ),
"shape_transform": Transform2D( 1, 0, 0, 1, 0, 0 )
}, {
"autotile_coord": Vector2( 7, 1 ),
"one_way": false,
"one_way_margin": 1.0,
"shape": SubResource( 125 ),
"shape_transform": Transform2D( 1, 0, 0, 1, 0, 0 )
}, {
"autotile_coord": Vector2( 6, 2 ),
"one_way": false,
"one_way_margin": 1.0,
"shape": SubResource( 126 ),
"shape_transform": Transform2D( 1, 0, 0, 1, 0, 0 )
}, {
"autotile_coord": Vector2( 6, 3 ),
"one_way": false,
"one_way_margin": 1.0,
"shape": SubResource( 127 ),
"shape_transform": Transform2D( 1, 0, 0, 1, 0, 0 )
}, {
"autotile_coord": Vector2( 7, 3 ),
"one_way": false,
"one_way_margin": 1.0,
"shape": SubResource( 128 ),
"shape_transform": Transform2D( 1, 0, 0, 1, 0, 0 )
} ]
0/z_index = 0

[sub_resource type="ConvexPolygonShape2D" id=130]
points = PoolVector2Array( 16, 16, 0, 16, 0, 0, 16, 0 )

[sub_resource type="ConvexPolygonShape2D" id=131]
points = PoolVector2Array( 16, 16, 0, 16, 0, 0, 16, 0 )

[sub_resource type="ConvexPolygonShape2D" id=132]
points = PoolVector2Array( 16, 16, 0, 16, 0, 0, 16, 0 )

[sub_resource type="ConvexPolygonShape2D" id=133]
points = PoolVector2Array( 16, 16, 0, 16, 0, 0, 16, 0 )

[sub_resource type="ConvexPolygonShape2D" id=134]
points = PoolVector2Array( 16, 16, 0, 16, 0, 0, 16, 0 )

[sub_resource type="ConvexPolygonShape2D" id=135]
points = PoolVector2Array( 16, 16, 0, 16, 0, 0, 16, 0 )

[sub_resource type="ConvexPolygonShape2D" id=136]
points = PoolVector2Array( 16, 16, 0, 16, 0, 0, 16, 0 )

[sub_resource type="ConvexPolygonShape2D" id=137]
points = PoolVector2Array( 16, 16, 0, 16, 0, 0, 16, 0 )

[sub_resource type="ConvexPolygonShape2D" id=138]
points = PoolVector2Array( 16, 16, 0, 16, 0, 0, 16, 0 )

[sub_resource type="ConvexPolygonShape2D" id=139]
points = PoolVector2Array( 16, 16, 0, 16, 0, 0, 16, 0 )

[sub_resource type="ConvexPolygonShape2D" id=140]
points = PoolVector2Array( 16, 16, 0, 16, 0, 0, 16, 0 )

[sub_resource type="ConvexPolygonShape2D" id=141]
points = PoolVector2Array( 16, 16, 0, 16, 0, 0, 16, 0 )

[sub_resource type="ConvexPolygonShape2D" id=142]
points = PoolVector2Array( 16, 16, 0, 16, 0, 0, 16, 0 )

[sub_resource type="ConvexPolygonShape2D" id=143]
points = PoolVector2Array( 16, 16, 0, 16, 0, 0, 16, 0 )

[sub_resource type="ConvexPolygonShape2D" id=144]
points = PoolVector2Array( 16, 16, 0, 16, 0, 0, 16, 0 )

[sub_resource type="ConvexPolygonShape2D" id=145]
points = PoolVector2Array( 16, 16, 0, 16, 0, 0, 16, 0 )

[sub_resource type="ConvexPolygonShape2D" id=146]
points = PoolVector2Array( 16, 16, 0, 16, 0, 0, 16, 0 )

[sub_resource type="ConvexPolygonShape2D" id=147]
points = PoolVector2Array( 16, 16, 0, 16, 0, 0, 16, 0 )

[sub_resource type="ConvexPolygonShape2D" id=148]
points = PoolVector2Array( 16, 16, 0, 16, 0, 0, 16, 0 )

[sub_resource type="ConvexPolygonShape2D" id=149]
points = PoolVector2Array( 16, 16, 0, 16, 0, 0, 16, 0 )

[sub_resource type="ConvexPolygonShape2D" id=150]
points = PoolVector2Array( 0, 16, 0, 0, 32, 0, 32, 16, 24, 24, 16, 32, 16, 32 )

[sub_resource type="TileSet" id=151]
0/name = "time.png 0"
0/texture = ExtResource( 1 )
0/tex_offset = Vector2( 0, 0 )
0/modulate = Color( 1, 1, 1, 1 )
0/region = Rect2( 0, 0, 96, 64 )
0/tile_mode = 2
0/autotile/icon_coordinate = Vector2( 0, 0 )
0/autotile/tile_size = Vector2( 16, 16 )
0/autotile/spacing = 0
0/autotile/occluder_map = [  ]
0/autotile/navpoly_map = [  ]
0/autotile/priority_map = [  ]
0/autotile/z_index_map = [  ]
0/occluder_offset = Vector2( 0, 0 )
0/navigation_offset = Vector2( 0, 0 )
0/shape_offset = Vector2( 0, 0 )
0/shape_transform = Transform2D( 1, 0, 0, 1, 0, 0 )
0/shape = SubResource( 130 )
0/shape_one_way = false
0/shape_one_way_margin = 1.0
0/shapes = [ {
"autotile_coord": Vector2( 0, 0 ),
"one_way": false,
"one_way_margin": 1.0,
"shape": SubResource( 130 ),
"shape_transform": Transform2D( 1, 0, 0, 1, 0, 0 )
}, {
"autotile_coord": Vector2( 1, 0 ),
"one_way": false,
"one_way_margin": 1.0,
"shape": SubResource( 131 ),
"shape_transform": Transform2D( 1, 0, 0, 1, 0, 0 )
}, {
"autotile_coord": Vector2( 2, 0 ),
"one_way": false,
"one_way_margin": 1.0,
"shape": SubResource( 132 ),
"shape_transform": Transform2D( 1, 0, 0, 1, 0, 0 )
}, {
"autotile_coord": Vector2( 3, 0 ),
"one_way": false,
"one_way_margin": 1.0,
"shape": SubResource( 133 ),
"shape_transform": Transform2D( 1, 0, 0, 1, 0, 0 )
}, {
"autotile_coord": Vector2( 4, 0 ),
"one_way": false,
"one_way_margin": 1.0,
"shape": SubResource( 134 ),
"shape_transform": Transform2D( 1, 0, 0, 1, 0, 0 )
}, {
"autotile_coord": Vector2( 5, 0 ),
"one_way": false,
"one_way_margin": 1.0,
"shape": SubResource( 135 ),
"shape_transform": Transform2D( 1, 0, 0, 1, 0, 0 )
}, {
"autotile_coord": Vector2( 0, 1 ),
"one_way": false,
"one_way_margin": 1.0,
"shape": SubResource( 136 ),
"shape_transform": Transform2D( 1, 0, 0, 1, 0, 0 )
}, {
"autotile_coord": Vector2( 1, 1 ),
"one_way": false,
"one_way_margin": 1.0,
"shape": SubResource( 137 ),
"shape_transform": Transform2D( 1, 0, 0, 1, 0, 0 )
}, {
"autotile_coord": Vector2( 2, 1 ),
"one_way": false,
"one_way_margin": 1.0,
"shape": SubResource( 138 ),
"shape_transform": Transform2D( 1, 0, 0, 1, 0, 0 )
}, {
"autotile_coord": Vector2( 3, 1 ),
"one_way": false,
"one_way_margin": 1.0,
"shape": SubResource( 139 ),
"shape_transform": Transform2D( 1, 0, 0, 1, 0, 0 )
}, {
"autotile_coord": Vector2( 4, 1 ),
"one_way": false,
"one_way_margin": 1.0,
"shape": SubResource( 140 ),
"shape_transform": Transform2D( 1, 0, 0, 1, 0, 0 )
}, {
"autotile_coord": Vector2( 5, 1 ),
"one_way": false,
"one_way_margin": 1.0,
"shape": SubResource( 141 ),
"shape_transform": Transform2D( 1, 0, 0, 1, 0, 0 )
}, {
"autotile_coord": Vector2( 0, 2 ),
"one_way": false,
"one_way_margin": 1.0,
"shape": SubResource( 142 ),
"shape_transform": Transform2D( 1, 0, 0, 1, 0, 0 )
}, {
"autotile_coord": Vector2( 1, 2 ),
"one_way": false,
"one_way_margin": 1.0,
"shape": SubResource( 143 ),
"shape_transform": Transform2D( 1, 0, 0, 1, 0, 0 )
}, {
"autotile_coord": Vector2( 2, 2 ),
"one_way": false,
"one_way_margin": 1.0,
"shape": SubResource( 144 ),
"shape_transform": Transform2D( 1, 0, 0, 1, 0, 0 )
}, {
"autotile_coord": Vector2( 3, 2 ),
"one_way": false,
"one_way_margin": 1.0,
"shape": SubResource( 145 ),
"shape_transform": Transform2D( 1, 0, 0, 1, 0, 0 )
}, {
"autotile_coord": Vector2( 0, 3 ),
"one_way": false,
"one_way_margin": 1.0,
"shape": SubResource( 146 ),
"shape_transform": Transform2D( 1, 0, 0, 1, 0, 0 )
}, {
"autotile_coord": Vector2( 1, 3 ),
"one_way": false,
"one_way_margin": 1.0,
"shape": SubResource( 147 ),
"shape_transform": Transform2D( 1, 0, 0, 1, 0, 0 )
}, {
"autotile_coord": Vector2( 2, 3 ),
"one_way": false,
"one_way_margin": 1.0,
"shape": SubResource( 148 ),
"shape_transform": Transform2D( 1, 0, 0, 1, 0, 0 )
}, {
"autotile_coord": Vector2( 3, 3 ),
"one_way": false,
"one_way_margin": 1.0,
"shape": SubResource( 149 ),
"shape_transform": Transform2D( 1, 0, 0, 1, 0, 0 )
} ]
0/z_index = 0
1/name = "time.png 1"
1/texture = ExtResource( 1 )
1/tex_offset = Vector2( 0, 0 )
1/modulate = Color( 1, 1, 1, 1 )
1/region = Rect2( 64, 32, 32, 32 )
1/tile_mode = 0
1/occluder_offset = Vector2( 0, 0 )
1/navigation_offset = Vector2( 0, 0 )
1/shape_offset = Vector2( 0, 0 )
1/shape_transform = Transform2D( 1, 0, 0, 1, 0, 0 )
1/shape = SubResource( 150 )
1/shape_one_way = false
1/shape_one_way_margin = 1.0
1/shapes = [ {
"autotile_coord": Vector2( 0, 0 ),
"one_way": false,
"one_way_margin": 1.0,
"shape": SubResource( 150 ),
"shape_transform": Transform2D( 1, 0, 0, 1, 0, 0 )
} ]
1/z_index = 0

[sub_resource type="RectangleShape2D" id=152]
extents = Vector2( 1136, 24 )

[sub_resource type="DynamicFont" id=153]
size = 6
font_data = ExtResource( 9 )

[node name="FinalStage" type="Node2D"]

[node name="Slime" parent="." instance=ExtResource( 4 )]
position = Vector2( 256, -119 )

[node name="Normal" type="Node2D" parent="."]
position = Vector2( 195, 0 )

[node name="Spikes" type="Area2D" parent="Normal"]

[node name="Spikes_Map" type="TileMap" parent="Normal/Spikes"]
tile_set = SubResource( 96 )
cell_size = Vector2( 16, 16 )
show_collision = true
collision_use_parent = true
format = 1
tile_data = PoolIntArray( -458754, 0, 0, -458753, 0, 0, -524280, 0, 0, -524279, 0, 0, -393219, 0, 2, -458752, 0, 3, -458745, 0, 2, -458742, 0, 3, -327683, 0, 2, -393216, 0, 3, -393209, 0, 2, -393206, 0, 3, -262147, 0, 2, -327680, 0, 3, -327673, 0, 2, -327670, 0, 3, -196611, 0, 2, -262144, 0, 3, -262137, 0, 2, -262134, 0, 3, -131075, 0, 2, -196608, 0, 3, -196601, 0, 2, -196598, 0, 3, -65539, 0, 2, -131072, 0, 3, -131065, 0, 2, -131062, 0, 3, -3, 0, 2, -65536, 0, 3, -65529, 0, 2, -65526, 0, 3, 65533, 0, 2, 0, 0, 3, 7, 0, 2, 10, 0, 3, 131069, 0, 2, 65536, 0, 3, 65543, 0, 2, 65546, 0, 3, 196605, 0, 2, 131072, 0, 3, 131079, 0, 2, 131082, 0, 3, 262141, 0, 2, 196608, 0, 3, 196615, 0, 2, 196618, 0, 3, 327677, 0, 2, 262144, 0, 3, 262151, 0, 2, 262154, 0, 3, 393213, 0, 2, 327680, 0, 3, 327687, 0, 2, 327690, 0, 3, 458749, 0, 2, 393216, 0, 3, 393223, 0, 2, 393226, 0, 3, 524285, 0, 2, 458752, 0, 3, 458759, 0, 2, 458762, 0, 3, 589821, 0, 2, 524288, 0, 3, 524295, 0, 2, 524298, 0, 3, 655357, 0, 2, 589824, 0, 3, 589831, 0, 2, 589834, 0, 3, 720893, 0, 2, 655360, 0, 3, 655367, 0, 2, 655370, 0, 3, 786429, 0, 2, 720906, 0, 3, 851965, 0, 2, 786442, 0, 3, 917502, 0, 1, 917503, 0, 1, 851968, 0, 1, 851975, 0, 1, 851976, 0, 1, 851977, 0, 1 )

[node name="Platform" type="TileMap" parent="Normal"]
tile_set = SubResource( 129 )
cell_size = Vector2( 16, 16 )
cell_custom_transform = Transform2D( 16, 0, 0, 16, 0, 0 )
format = 1
tile_data = PoolIntArray( -393218, 0, 0, -393217, 0, 2, -458744, 0, 0, -458743, 0, 2, -327682, 0, 65536, -327681, 0, 65538, -393208, 0, 65536, -393207, 0, 65538, -262146, 0, 65536, -262145, 0, 65538, -327672, 0, 65536, -327671, 0, 65538, -196610, 0, 65536, -196609, 0, 65538, -262136, 0, 65536, -262135, 0, 65538, -131074, 0, 65536, -131073, 0, 65538, -196600, 0, 65536, -196599, 0, 65538, -65538, 0, 65536, -65537, 0, 65538, -131064, 0, 65536, -131063, 0, 65538, -2, 0, 65536, -1, 0, 65538, -65528, 0, 65536, -65527, 0, 65538, 65534, 0, 65536, 65535, 0, 65538, 8, 0, 65536, 9, 0, 65538, 131070, 0, 65536, 131071, 0, 65538, 65544, 0, 65536, 65545, 0, 65538, 196606, 0, 65536, 196607, 0, 65538, 131080, 0, 65536, 131081, 0, 65538, 262142, 0, 65536, 262143, 0, 65538, 196616, 0, 65536, 196617, 0, 65538, 327678, 0, 65536, 327679, 0, 65538, 262152, 0, 65536, 262153, 0, 65538, 393214, 0, 65536, 393215, 0, 65538, 327688, 0, 65536, 327689, 0, 65538, 458750, 0, 65536, 458751, 0, 65538, 393224, 0, 65536, 393225, 0, 65538, 524286, 0, 65536, 524287, 0, 65538, 458760, 0, 65536, 458761, 0, 65538, 589822, 0, 65536, 589823, 0, 65538, 524296, 0, 65536, 524297, 0, 65538, 655358, 0, 65536, 655359, 0, 65538, 589832, 0, 65536, 589833, 0, 65538, 720894, 0, 65536, 720895, 0, 65538, 655368, 0, 65536, 655369, 0, 65538, 786430, 0, 65536, 786431, 0, 65540, 720896, 0, 1, 720897, 0, 1, 720898, 0, 1, 720899, 0, 1, 720900, 0, 1, 720901, 0, 1, 720902, 0, 1, 720903, 0, 1, 720904, 0, 65541, 720905, 0, 65538, 851966, 0, 65536, 851967, 0, 65537, 786432, 0, 65537, 786433, 0, 65537, 786434, 0, 65537, 786435, 0, 65537, 786436, 0, 65537, 786437, 0, 65537, 786438, 0, 65537, 786439, 0, 65537, 786440, 0, 65537, 786441, 0, 65538 )

[node name="Void" type="Node2D" parent="."]
position = Vector2( 95, -20 )

[node name="Platform" type="TileMap" parent="Void"]
position = Vector2( 95, 0 )
tile_set = SubResource( 151 )
cell_size = Vector2( 16, 16 )
format = 1
tile_data = PoolIntArray( 1572862, 0, 0, 1572863, 0, 1, 1507328, 0, 1, 1507329, 0, 1, 1507330, 0, 1, 1507331, 0, 1, 1507332, 0, 1, 1507333, 0, 1, 1507334, 0, 1, 1507335, 0, 1, 1507336, 0, 1, 1507337, 0, 2, 1638398, 0, 131072, 1638399, 0, 131073, 1572864, 0, 131073, 1572865, 0, 131073, 1572866, 0, 131073, 1572867, 0, 131073, 1572868, 0, 131073, 1572869, 0, 131073, 1572870, 0, 131073, 1572871, 0, 131073, 1572872, 0, 131073, 1572873, 0, 131074 )

[node name="Spikes" type="Area2D" parent="Void"]
position = Vector2( 95, 0 )

[node name="Spikes_Map" type="TileMap" parent="Void/Spikes"]
tile_set = SubResource( 96 )
cell_size = Vector2( 16, 16 )
collision_use_parent = true
format = 1
tile_data = PoolIntArray( 1507326, 0, 0, 1507327, 0, 0, 1441792, 0, 0, 1441793, 0, 0, 1441794, 0, 0, 1441795, 0, 0, 1441796, 0, 0, 1441797, 0, 0, 1441798, 0, 0, 1441799, 0, 0, 1441800, 0, 0, 1441801, 0, 0 )

[node name="Hell" type="Area2D" parent="."]

[node name="CollisionShape2D" type="CollisionShape2D" parent="Hell"]
position = Vector2( 168, 424 )
shape = SubResource( 152 )

[node name="Window" type="CanvasLayer" parent="."]

[node name="SandGlass" parent="Window" instance=ExtResource( 5 )]

[node name="Background" type="ParallaxBackground" parent="Window"]

[node name="Night" type="TextureRect" parent="Window/Background"]
margin_right = 640.0
margin_bottom = 352.0
texture = ExtResource( 2 )
__meta__ = {
"_edit_use_anchors_": false
}

[node name="Void" type="TextureRect" parent="Window/Background"]
visible = false
margin_right = 40.0
margin_bottom = 40.0
texture = ExtResource( 3 )
__meta__ = {
"_edit_use_anchors_": false
}

[node name="Label" type="Label" parent="Window"]
margin_right = 40.0
margin_bottom = 14.0
custom_fonts/font = SubResource( 153 )
text = "Death Count: 5"
script = ExtResource( 10 )
__meta__ = {
"_edit_use_anchors_": false
}

[node name="Sprite" type="Sprite" parent="."]
position = Vector2( 224, -136 )
texture = ExtResource( 8 )
region_enabled = true
region_rect = Rect2( 1, 5, 30, 54 )

[connection signal="body_entered" from="Normal/Spikes" to="Slime" method="_on_Spikes_body_entered"]
[connection signal="body_entered" from="Void/Spikes" to="Slime" method="_on_Spikes_body_entered"]
