[gd_scene load_steps=6 format=2]

[ext_resource path="res://Assets/Font/Minecraftia-Regular.ttf" type="DynamicFontData" id=1]
[ext_resource path="res://Scripts/LinkButton.gd" type="Script" id=2]
[ext_resource path="res://Assets/night.png" type="Texture" id=3]

[sub_resource type="DynamicFont" id=97]
size = 20
font_data = ExtResource( 1 )

[sub_resource type="DynamicFont" id=96]
size = 10
font_data = ExtResource( 1 )

[node name="MarginContainer" type="MarginContainer"]
anchor_right = 1.0
anchor_bottom = 1.0
__meta__ = {
"_edit_use_anchors_": false
}

[node name="VBoxContainer" type="VBoxContainer" parent="."]
margin_right = 320.0
margin_bottom = 180.0
size_flags_vertical = 3
custom_constants/separation = 15
alignment = 1

[node name="Title" type="Label" parent="VBoxContainer"]
margin_top = 31.0
margin_right = 320.0
margin_bottom = 59.0
custom_fonts/font = SubResource( 97 )
text = "Death Loop"
align = 1

[node name="CenterContainer" type="CenterContainer" parent="VBoxContainer"]
margin_top = 74.0
margin_right = 320.0
margin_bottom = 89.0

[node name="Start" type="LinkButton" parent="VBoxContainer/CenterContainer"]
margin_left = 144.0
margin_right = 175.0
margin_bottom = 15.0
custom_fonts/font = SubResource( 96 )
text = "Start"
underline = 1
script = ExtResource( 2 )

[node name="CenterContainer3" type="CenterContainer" parent="VBoxContainer"]
margin_top = 104.0
margin_right = 320.0
margin_bottom = 119.0

[node name="How2Play" type="LinkButton" parent="VBoxContainer/CenterContainer3"]
margin_left = 128.0
margin_right = 192.0
margin_bottom = 15.0
focus_mode = 2
custom_fonts/font = SubResource( 96 )
text = "How to Play"
underline = 1
script = ExtResource( 2 )

[node name="CenterContainer2" type="CenterContainer" parent="VBoxContainer"]
margin_top = 134.0
margin_right = 320.0
margin_bottom = 149.0

[node name="Quit" type="LinkButton" parent="VBoxContainer/CenterContainer2"]
margin_left = 149.0
margin_right = 170.0
margin_bottom = 15.0
focus_mode = 2
custom_fonts/font = SubResource( 96 )
text = "Quit"
underline = 1
script = ExtResource( 2 )

[node name="ParallaxBackground" type="ParallaxBackground" parent="."]

[node name="TextureRect" type="TextureRect" parent="ParallaxBackground"]
margin_right = 320.0
margin_bottom = 180.0
texture = ExtResource( 3 )
__meta__ = {
"_edit_use_anchors_": false
}

[connection signal="pressed" from="VBoxContainer/CenterContainer/Start" to="VBoxContainer/CenterContainer/Start" method="_on_Start_pressed"]
[connection signal="pressed" from="VBoxContainer/CenterContainer3/How2Play" to="VBoxContainer/CenterContainer/Start" method="_on_How2Play_pressed"]
[connection signal="pressed" from="VBoxContainer/CenterContainer2/Quit" to="VBoxContainer/CenterContainer/Start" method="_on_Quit_pressed"]
